<record><leader>00000cas a2200000 a 4500</leader><controlfield tag="001">10848707</controlfield><controlfield tag="008">840615d18901893ksuwr ne      0   a0eng d</controlfield><datafield ind1=" " ind2=" " tag="010"><subfield code="a">sn 84029243 </subfield></datafield><datafield ind1=" " ind2=" " tag="040"><subfield code="a">KSH</subfield><subfield code="b">eng</subfield><subfield code="c">KSH</subfield><subfield code="d">NPT</subfield><subfield code="d">OCL</subfield><subfield code="d">OCLCQ</subfield></datafield><datafield ind1=" " ind2=" " tag="042"><subfield code="a">msc</subfield></datafield><datafield ind1="0" ind2=" " tag="130"><subfield code="a">Weekly world (Pittsburg, Kan. : 1890)</subfield></datafield><datafield ind1="1" ind2="4" tag="245"><subfield code="a">The weekly world.</subfield></datafield><datafield ind1="3" ind2="0" tag="246"><subfield code="a">Pittsburg world</subfield></datafield><datafield ind1=" " ind2=" " tag="260"><subfield code="a">Pittsburg, Kan. :</subfield><subfield code="b">W.C.L. Beard,</subfield><subfield code="c">1890-1893.</subfield></datafield><datafield ind1=" " ind2=" " tag="300"><subfield code="a">3 v. :</subfield><subfield code="b">ill. ;</subfield><subfield code="c">34-56 cm.</subfield></datafield><datafield ind1=" " ind2=" " tag="310"><subfield code="a">Weekly</subfield></datafield><datafield ind1="0" ind2=" " tag="362"><subfield code="a">Vol. 2, no. 15 (Aug. 21, 1890)-v. 3, no. 52 (Dec. 28, 1893).</subfield></datafield><datafield ind1=" " ind2=" " tag="500"><subfield code="a">Published as: Pittsburg world, Dec. 24, 1892-Aug. 3, 1893.</subfield></datafield><datafield ind1=" " ind2=" " tag="500"><subfield code="a">Published by World Pub. Co., Oct. 23, 1890-&lt;Jan. 8, 1891&gt;; Steinberger Brothers, &lt;Feb. 26, 1891-Apr. 2, 1891&gt;; Star Pub. Co., &lt;Mar. 26, 1892&gt;-Dec. 17, 1892.</subfield></datafield><datafield ind1=" " ind2=" " tag="500"><subfield code="a">"Independent."</subfield></datafield><datafield ind1=" " ind2=" " tag="515"><subfield code="a">Numbering is irregular.</subfield></datafield><datafield ind1=" " ind2=" " tag="752"><subfield code="a">United States</subfield><subfield code="b">Kansas</subfield><subfield code="c">Crawford</subfield><subfield code="d">Pittsburg.</subfield></datafield><datafield ind1="0" ind2="0" tag="785"><subfield code="t">Weekly world (Girard, Kan.)</subfield><subfield code="w">(DLC)sn 84029185</subfield></datafield></record>